<record><leader>00000cas a22000007a 4500</leader><controlfield tag="001">41239521</controlfield><controlfield tag="008">990423d19591960tnuwr ne      0    0eng d</controlfield><datafield ind1=" " ind2=" " tag="010"><subfield code="a">sn 99065801 </subfield></datafield><datafield ind1=" " ind2=" " tag="040"><subfield code="a">TGN</subfield><subfield code="b">eng</subfield><subfield code="c">TGN</subfield><subfield code="d">OCLCF</subfield><subfield code="d">OCLCO</subfield></datafield><datafield ind1=" " ind2=" " tag="042"><subfield code="a">msc</subfield></datafield><datafield ind1="0" ind2="0" tag="245"><subfield code="a">North Hamilton County news.</subfield></datafield><datafield ind1=" " ind2=" " tag="260"><subfield code="a">Soddy [Soddy-Daisy], Tenn. :</subfield><subfield code="b">Jack Haley,</subfield><subfield code="c">1959-1960.</subfield></datafield><datafield ind1=" " ind2=" " tag="300"><subfield code="a">v.</subfield></datafield><datafield ind1=" " ind2=" " tag="310"><subfield code="a">Weekly</subfield></datafield><datafield ind1="0" ind2=" " tag="362"><subfield code="a">Vol. 1, no. 1 (Dec. 10, 1959)-v. 1, no. 30 (July 28, 1960).</subfield></datafield><datafield ind1=" " ind2=" " tag="500"><subfield code="a">Editor: Miss Frances Haley, 1959-1960.</subfield></datafield><datafield ind1=" " ind2=" " tag="500"><subfield code="a">Soddy, Tenn. changed name to Soddy-Daisy, Tenn., Oct. 14, 1972.</subfield></datafield><datafield ind1=" " ind2="0" tag="651"><subfield code="a">Soddy-Daisy (Tenn.)</subfield><subfield code="v">Newspapers.</subfield></datafield><datafield ind1=" " ind2="0" tag="651"><subfield code="a">Hamilton County (Tenn.)</subfield><subfield code="v">Newspapers.</subfield></datafield><datafield ind1=" " ind2="7" tag="655"><subfield code="a">Newspapers.</subfield><subfield code="2">fast</subfield><subfield code="0">(OCoLC)fst01423814</subfield></datafield><datafield ind1=" " ind2="7" tag="651"><subfield code="a">Tennessee</subfield><subfield code="z">Hamilton County.</subfield><subfield code="2">fast</subfield><subfield code="0">(OCoLC)fst01209591</subfield></datafield><datafield ind1=" " ind2="7" tag="651"><subfield code="a">Tennessee</subfield><subfield code="z">Soddy-Daisy.</subfield><subfield code="2">fast</subfield><subfield code="0">(OCoLC)fst01229010</subfield></datafield><datafield ind1=" " ind2=" " tag="752"><subfield code="a">United States</subfield><subfield code="b">Tennessee</subfield><subfield code="c">Hamilton</subfield><subfield code="d">Soddy-Daisy.</subfield></datafield></record>